<?xml version="1.0" encoding="UTF-8"?><collection xmlns="http://www.loc.gov/MARC21/slim"><record><leader>00554nam--2200193-i-4500</leader><controlfield tag="001">000020240</controlfield><controlfield tag="002">20161230</controlfield><controlfield tag="005">20161230201033</controlfield><controlfield tag="008">060222s1000------------r-----000-0-eng-d</controlfield><datafield ind1=" " ind2=" " tag="040"><subfield code="a">IFIN-HH</subfield></datafield><datafield ind1=" " ind2=" " tag="080"><subfield code="a">537.533.35:548</subfield></datafield><datafield ind1="1" ind2=" " tag="100"><subfield code="a">Hirsch, P.B./S.A.</subfield></datafield><datafield ind1="1" ind2="0" tag="245"><subfield code="a">Electron microscopy of thin crystals</subfield><subfield code="c">P.b. hirsch, a. howie, r.b. nicholson, m.j. whelan, d.w. pashley</subfield></datafield><datafield ind1=" " ind2=" " tag="260"><subfield code="a">London</subfield><subfield code="b">Butterworths</subfield><subfield code="c">1965</subfield></datafield><datafield ind1=" " ind2=" " tag="300"><subfield code="a">6 PARTS</subfield></datafield><datafield ind1="1" ind2=" " tag="700"><subfield code="a">Pashley, D.W</subfield></datafield><datafield ind1=" " ind2=" " tag="787"><subfield code="a">Part I</subfield><subfield code="h">100p</subfield></datafield><datafield ind1=" " ind2=" " tag="852"><subfield code="a">25620</subfield><subfield code="c">537.533.35</subfield></datafield><datafield ind1=" " ind2=" " tag="CAT"><subfield code="a">Sys</subfield><subfield code="c">20110905</subfield><subfield code="h">101202</subfield></datafield></record></collection>